@ARTICLE{Shah:2011,
  author = {J. K. Shah and E. J. Maginn},
  title = {{A General And Efficient Monte Carlo Method for Sampling Intramolecular Degrees of Freedom of Branched and Cyclic Molecules}},
  journal = {{J}. {C}hem. {P}hys.},
  year = {2011},
  volume = {135},
  pages = {134121}
}

@ARTICLE{Fincham:1994,
  author = {D. Fincham},
  title = {{Optimization of the Ewald Sum For Large Systems}},
  journal = {{Mol}. {S}im},
  year = {1994},
  volume = {13},
  pages = {1-9}
}

@ARTICLE{random_gen:1999,
  author = {P. L{'}Ecuyer},
  title = {{Tables of Maximally Equidistributed Combined {LFSR} Generators}},
  journal = {Math. Comput.},
  year = {1999},
  volume = {68},
  pages = {261-269}
}

